@article{QuantumControlImpens2020,
  author = {Impens, Fran\c{c}ois and Duboscq, Romain and Gu\'{e}ry-Odelin, David},
  doi = {10.1103/physrevlett.124.250403},
  issue = {25},
  journal = {Physical Review Letters},
  language = {english},
  month = {6},
  publisher = {American Physical Society (APS)},
  title = {Quantum Control beyond the Adiabatic Regime in 2D Curved Matter-Wave Guides},
  type = {article},
  url = {http://dx.doi.org/10.1103/physrevlett.124.250403},
  volume = {124},
  year = {2020},
}

@article{ShortcutsToAdGuery2019,
  author = {Gu\'{e}ry-Odelin, D. and Ruschhaupt, A. and Kiely, A. and Torrontegui, E. and Mart\'{\i}nez-Garaot, S. and Muga, J.\hspace{0.167em}G.},
  doi = {10.1103/revmodphys.91.045001},
  issue = {4},
  journal = {Reviews of Modern Physics},
  language = {english},
  month = {10},
  publisher = {American Physical Society (APS)},
  title = {Shortcuts to adiabaticity: Concepts, methods, and applications},
  type = {article},
  url = {http://dx.doi.org/10.1103/revmodphys.91.045001},
  volume = {91},
  year = {2019},
}

@article{BoundStatesInGoldst1992,
  author = {Goldstone, J. and Jaffe, R. L.},
  doi = {10.1103/physrevb.45.14100},
  issue = {24},
  journal = {Physical Review B},
  language = {english},
  month = {6},
  pages = {14100--14107},
  publisher = {American Physical Society (APS)},
  title = {Bound states in twisting tubes},
  type = {article},
  url = {http://dx.doi.org/10.1103/physrevb.45.14100},
  volume = {45},
  year = {1992},
}

@article{BoundStatesInClark1996,
  author = {Clark, Iain J and Bracken, Anthony J},
  doi = {10.1088/0305-4470/29/15/022},
  issue = {15},
  journal = {Journal of Physics A: Mathematical and General},
  month = {8},
  pages = {4527--4535},
  publisher = {IOP Publishing},
  title = {Bound states in tubular quantum waveguides with torsion},
  type = {article},
  url = {http://dx.doi.org/10.1088/0305-4470/29/15/022},
  volume = {29},
  year = {1996},
}

@article{MagneticallyGuQiLu2017,
  author = {Qi, Lu and Hu, Zhaohui and Valenzuela, Tristan and Zhang, Yuchi and Zhai, Yueyang and Quan, Wei and Waltham, Nick and Fang, Jiancheng},
  doi = {10.1063/1.4980066},
  issue = {15},
  journal = {Applied Physics Letters},
  language = {english},
  month = {4},
  pages = {153502},
  publisher = {AIP Publishing},
  title = {Magnetically guided Cesium interferometer for inertial sensing},
  type = {article},
  url = {http://dx.doi.org/10.1063/1.4980066},
  volume = {110},
  year = {2017},
}

@article{FocusOnAtomtrAmico2017,
  author = {Amico, Luigi and Birkl, Gerhard and Boshier, Malcolm and Kwek, Leong-Chuan},
  doi = {10.1088/1367-2630/aa5a6d},
  issue = {2},
  journal = {New Journal of Physics},
  month = {2},
  pages = {020201},
  publisher = {IOP Publishing},
  title = {Focus on atomtronics-enabled quantum technologies},
  type = {article},
  url = {http://dx.doi.org/10.1088/1367-2630/aa5a6d},
  volume = {19},
  year = {2017},
}

@article{TheEffectiveHKrejci2012,
  author = {Krej\v{c}i\v{r}\'{i}k, David and \v{S}ediv\'{a}kov\'{a}, Helena},
  doi = {10.1142/s0129055x12500183},
  issue = {07},
  journal = {Reviews in Mathematical Physics},
  language = {english},
  month = {8},
  pages = {1250018},
  publisher = {World Scientific Pub Co Pte Lt},
  title = {THE EFFECTIVE HAMILTONIAN IN CURVED QUANTUM WAVEGUIDES UNDER MILD REGULARITY ASSUMPTIONS},
  type = {article},
  url = {http://dx.doi.org/10.1142/s0129055x12500183},
  volume = {24},
  year = {2012},
}

@article{80kmomentumSeMcdona2013,
  author = {McDonald, G. D. and Kuhn, C. C. N. and Bennetts, S. and Debs, J. E. and Hardman, K. S. and Johnsson, M. and Close, J. D. and Robins, N. P.},
  doi = {10.1103/physreva.88.053620},
  issue = {5},
  journal = {Physical Review A},
  language = {english},
  month = {11},
  publisher = {American Physical Society (APS)},
  title = {80hkmomentum separation with Bloch oscillations in an optically guided atom interferometer},
  type = {article},
  url = {http://dx.doi.org/10.1103/physreva.88.053620},
  volume = {88},
  year = {2013},
}

@article{ExperimentalDeCaliga2017,
  author = {Caliga, Seth C and Straatsma, Cameron J E and Anderson, Dana Z},
  doi = {10.1088/1367-2630/aa56d8},
  issue = {1},
  journal = {New Journal of Physics},
  month = {1},
  pages = {013036},
  publisher = {IOP Publishing},
  title = {Experimental demonstration of an atomtronic battery},
  type = {article},
  url = {http://dx.doi.org/10.1088/1367-2630/aa56d8},
  volume = {19},
  year = {2017},
}

@article{AdvancesInAtoPepino2021,
  author = {Pepino, Ron A.},
  doi = {10.3390/e23050534},
  issue = {5},
  journal = {Entropy},
  language = {english},
  month = {4},
  pages = {534},
  publisher = {MDPI AG},
  title = {Advances in Atomtronics},
  type = {article},
  url = {http://dx.doi.org/10.3390/e23050534},
  volume = {23},
  year = {2021},
}

@article{BoundStatesInBittne2013,
  author = {Bittner, S. and Dietz, B. and Miski-Oglu, M. and Richter, A. and Ripp, C. and Sadurn\'{\i}, E. and Schleich, W. P.},
  doi = {10.1103/physreve.87.042912},
  issue = {4},
  journal = {Physical Review E},
  language = {english},
  month = {4},
  publisher = {American Physical Society (APS)},
  title = {Bound states in sharply bent waveguides: Analytical and experimental approach},
  type = {article},
  url = {http://dx.doi.org/10.1103/physreve.87.042912},
  volume = {87},
  year = {2013},
}

@article{MultipleBoundCarini1993,
  author = {Carini, John P. and Londergan, J. T. and Mullen, Kieran and Murdock, D. P.},
  doi = {10.1103/physrevb.48.4503},
  issue = {7},
  journal = {Physical Review B},
  language = {english},
  month = {8},
  pages = {4503--4515},
  publisher = {American Physical Society (APS)},
  title = {Multiple bound states in sharply bent waveguides},
  type = {article},
  url = {http://dx.doi.org/10.1103/physrevb.48.4503},
  volume = {48},
  year = {1993},
}

@article{RoadmapOnAtomAmico2021,
  author = {Amico, L. and Boshier, M. and Birkl, G. and Minguzzi, A. and Miniatura, C. and Kwek, L.-C. and Aghamalyan, D. and Ahufinger, V. and Anderson, D. and Andrei, N. and Arnold, A. S. and Baker, M. and Bell, T. A. and Bland, T. and Brantut, J. P. and Cassettari, D. and Chetcuti, W. J. and Chevy, F. and Citro, R. and De Palo, S. and Dumke, R. and Edwards, M. and Folman, R. and Fortagh, J. and Gardiner, S. A. and Garraway, B. M. and Gauthier, G. and G\"{u}nther, A. and Haug, T. and Hufnagel, C. and Keil, M. and Ireland, P. and Lebrat, M. and Li, W. and Longchambon, L. and Mompart, J. and Morsch, O. and Naldesi, P. and Neely, T. W. and Olshanii, M. and Orignac, E. and Pandey, S. and P\'{e}rez-Obiol, A. and Perrin, H. and Piroli, L. and Polo, J. and Pritchard, A. L. and Proukakis, N. P. and Rylands, C. and Rubinsztein-Dunlop, H. and Scazza, F. and Stringari, S. and Tosto, F. and Trombettoni, A. and Victorin, N. and Klitzing, W. von and Wilkowski, D. and Xhani, K. and Yakimenko, A.},
  doi = {10.1116/5.0026178},
  issue = {3},
  journal = {AVS Quantum Science},
  language = {english},
  month = {9},
  pages = {039201},
  publisher = {American Vacuum Society},
  title = {Roadmap on Atomtronics: State of the art and perspective},
  type = {article},
  url = {http://dx.doi.org/10.1116/5.0026178},
  volume = {3},
  year = {2021},
}

@article{NoneFeit1982,
  author = {Feit, M.D and Fleck, J.A and Steiger, A},
  doi = {10.1016/0021-9991(82)90091-2},
  issue = {3},
  journal = {Journal of Computational Physics},
  language = {english},
  month = {9},
  pages = {412--433},
  publisher = {Elsevier BV},
  title = {None},
  type = {article},
  url = {http://dx.doi.org/10.1016/0021-9991(82)90091-2},
  volume = {47},
  year = {1982},
}
